<?xml version="1.0" encoding="UTF-8"?>
<collection xmlns:xsi="http://www.w3.org/2001/XMLSchema-instance" xsi:schemaLocation="http://www.loc.gov/MARC21/slim http://www.loc.gov/standards/marcxml/schema/MARC21slim.xsd" xmlns="http://www.loc.gov/MARC21/slim">
<record>
  <leader>01089cam a2200265Ma 4500</leader>
  <controlfield tag="001">5597999</controlfield>
  <controlfield tag="003">NNC</controlfield>
  <controlfield tag="005">20160718182517.0</controlfield>
  <controlfield tag="008">821221s1968    iq       b    000 0 araod</controlfield>
  <datafield tag="035" ind1=" " ind2=" ">
    <subfield code="a">(OCoLC)ocm23492547</subfield>
  </datafield>
  <datafield tag="035" ind1=" " ind2=" ">
    <subfield code="a">(NNC)5597999</subfield>
  </datafield>
  <datafield tag="040" ind1=" " ind2=" ">
    <subfield code="a">EYM</subfield>
    <subfield code="c">EYM</subfield>
    <subfield code="d">ZCU</subfield>
  </datafield>
  <datafield tag="043" ind1=" " ind2=" ">
    <subfield code="a">a-iq---</subfield>
  </datafield>
  <datafield tag="050" ind1=" " ind2="4">
    <subfield code="a">Q149.I7</subfield>
    <subfield code="b">Z33</subfield>
  </datafield>
  <datafield tag="100" ind1="1" ind2=" ">
    <subfield code="a">Zawbaʻī, ʻAbd al-Jalīl.</subfield>
  </datafield>
  <datafield tag="245" ind1="1" ind2="0">
    <subfield code="a">Mustaqbal al-dirāsāt al-insānīyah bi-al-Jāmiʻah fī al-ʻIrāq /</subfield>
    <subfield code="c">iʻdād ʻAbd al-Jalīl al-Zawbaʻī, Muḥammad Aḥmad al-Ghannām.</subfield>
  </datafield>
  <datafield tag="260" ind1=" " ind2=" ">
    <subfield code="a">Baghdād :</subfield>
    <subfield code="b">Maṭbaʻat al-Ḥukūmah,</subfield>
    <subfield code="c">1968.</subfield>
  </datafield>
  <datafield tag="300" ind1=" " ind2=" ">
    <subfield code="a">33 p. ;</subfield>
    <subfield code="c">24 cm.</subfield>
  </datafield>
  <datafield tag="490" ind1="1" ind2=" ">
    <subfield code="a">Majlis al-Takhṭīṭ lil-Tarbīyah wa-al-Tanmīyah al-Ijtimāʻīyah, al-Sikritārīyah al-ʻĀmmah ;</subfield>
    <subfield code="v">1</subfield>
  </datafield>
  <datafield tag="504" ind1=" " ind2=" ">
    <subfield code="a">Includes bibliographical references.</subfield>
  </datafield>
  <datafield tag="650" ind1=" " ind2="0">
    <subfield code="a">Scientists</subfield>
    <subfield code="x">Employment</subfield>
    <subfield code="z">Iraq.</subfield>
  </datafield>
  <datafield tag="650" ind1=" " ind2="0">
    <subfield code="a">College graduates</subfield>
    <subfield code="x">Employment</subfield>
    <subfield code="z">Iraq.</subfield>
  </datafield>
  <datafield tag="700" ind1="1" ind2=" ">
    <subfield code="a">Ghannān, Muḥammad Aḥmad.</subfield>
  </datafield>
  <datafield tag="830" ind1=" " ind2="0">
    <subfield code="a">Majlis al-Takhṭīṭ lil-Tarbiyah wa-al-Tanmiyah al-Ijtimāʻīyah, al-Sikritārīyah al-ʻĀmmah ;</subfield>
    <subfield code="v">1.</subfield>
  </datafield>
  <datafield tag="955" ind1=" " ind2=" ">
    <subfield code="b">0027061140</subfield>
    <subfield code="d">glx</subfield>
    <subfield code="e">LA1465 .I8 v.1-2</subfield>
  </datafield>
</record>
</collection>